<record><leader>00000cas a22000007a 4500</leader><controlfield tag="001">18037664</controlfield><controlfield tag="008">880603d19071913txuwr ne      0    0eng d</controlfield><datafield ind1=" " ind2=" " tag="010"><subfield code="a">sn 88083636 </subfield></datafield><datafield ind1=" " ind2=" " tag="040"><subfield code="a">PPM</subfield><subfield code="b">eng</subfield><subfield code="c">PPM</subfield><subfield code="d">OCLCQ</subfield><subfield code="d">DLC</subfield></datafield><datafield ind1=" " ind2=" " tag="042"><subfield code="a">msc</subfield></datafield><datafield ind1="0" ind2=" " tag="130"><subfield code="a">Brenham banner (Brenham, Tex. : 1907)</subfield></datafield><datafield ind1="1" ind2="0" tag="245"><subfield code="a">Brenham banner.</subfield></datafield><datafield ind1=" " ind2=" " tag="260"><subfield code="a">Brenham, Tex. :</subfield><subfield code="b">John G. Rankin</subfield></datafield><datafield ind1=" " ind2=" " tag="310"><subfield code="a">Weekly</subfield></datafield><datafield ind1="0" ind2=" " tag="362"><subfield code="a">Vol. 42, no. 23 (June 6, 1907)-</subfield></datafield><datafield ind1="1" ind2=" " tag="362"><subfield code="a">Ceased in 1913?</subfield></datafield><datafield ind1=" " ind2=" " tag="752"><subfield code="a">United States</subfield><subfield code="b">Texas</subfield><subfield code="c">Washington</subfield><subfield code="d">Brenham.</subfield></datafield><datafield ind1="0" ind2="0" tag="780"><subfield code="t">Brenham weekly banner (Brenham, Tex. : 1877)</subfield><subfield code="x">2159-3922</subfield><subfield code="w">(DLC)sn 86089443</subfield><subfield code="w">(OCoLC)14369205</subfield></datafield><datafield ind1="0" ind2="7" tag="785"><subfield code="t">Brenham press</subfield></datafield><datafield ind1="0" ind2="7" tag="785"><subfield code="t">Brenham weekly banner-press</subfield><subfield code="w">(OCoLC)14351163</subfield></datafield></record>